@ARTICLE{2016A&A...595A..22R,
   author = {{R{\"o}ser}, S. and {Schilbach}, E. and {Goldman}, B.},
    title = "{Nine new open clusters within 500 pc from the Sun}",
  journal = {\aap},
 keywords = {open clusters and associations: general, catalogs, surveys, proper motions},
     year = 2016,
    month = oct,
   volume = 595,
      eid = {A22},
    pages = {A22},
      doi = {10.1051/0004-6361/201629158},
   adsurl = {http://adsabs.harvard.edu/abs/2016A%26A...595A..22R},
  adsnote = {Provided by the SAO/NASA Astrophysics Data System}
}

@INPROCEEDINGS{2016IAUS..314...21M,
   author = {{Mamajek}, E.~E.},
    title = "{A Pre-Gaia Census of Nearby Stellar Groups}",
 keywords = {open clusters and associations: general, solar neighborhood, stars: distances,},
booktitle = {Young Stars \& Planets Near the Sun},
     year = 2016,
   series = {IAU Symposium},
   volume = 314,
archivePrefix = "arXiv",
   eprint = {1507.06697},
 primaryClass = "astro-ph.SR",
   editor = {{Kastner}, J.~H. and {Stelzer}, B. and {Metchev}, S.~A.},
    month = jan,
    pages = {21-26},
      doi = {10.1017/S1743921315006250},
   adsurl = {http://adsabs.harvard.edu/abs/2016IAUS..314...21M},
  adsnote = {Provided by the SAO/NASA Astrophysics Data System}
}


@ARTICLE{1977ATsir.969....7L,
   author = {{Latyshev}, I.~N.},
    title = "{Possible near-by open clusters.}",
  journal = {Astronomicheskij Tsirkulyar},
     year = 1977,
   volume = 969,
    pages = {7-8},
   adsurl = {http://adsabs.harvard.edu/abs/1977ATsir.969....7L},
  adsnote = {Provided by the SAO/NASA Astrophysics Data System}
}

@ARTICLE{2000A&AS..143....9W,
   author = {{Wenger}, M. and {Ochsenbein}, F. and {Egret}, D. and {Dubois}, P. and
	{Bonnarel}, F. and {Borde}, S. and {Genova}, F. and {Jasniewicz}, G. and
	{Lalo{\"e}}, S. and {Lesteven}, S. and {Monier}, R.},
    title = "{The SIMBAD astronomical database. The CDS reference database for astronomical objects}",
  journal = {\aaps},
   eprint = {astro-ph/0002110},
 keywords = {ASTRONOMICAL DATA BASES: MISCELLANEOUS, CATALOGS},
     year = 2000,
    month = apr,
   volume = 143,
    pages = {9-22},
      doi = {10.1051/aas:2000332},
   adsurl = {http://adsabs.harvard.edu/abs/2000A%26AS..143....9W},
  adsnote = {Provided by the SAO/NASA Astrophysics Data System}
}

@ARTICLE{2017AJ....153..257O,
   author = {{Oh}, S. and {Price-Whelan}, A.~M. and {Hogg}, D.~W. and {Morton}, T.~D. and
	{Spergel}, D.~N.},
    title = "{Comoving Stars in Gaia DR1: An Abundance of Very Wide Separation Comoving Pairs}",
  journal = {\aj},
archivePrefix = "arXiv",
   eprint = {1612.02440},
 primaryClass = "astro-ph.SR",
 keywords = {binaries: visual, methods: statistical, open clusters and associations: general, parallaxes, proper motions, stars: formation},
     year = 2017,
    month = jun,
   volume = 153,
      eid = {257},
    pages = {257},
      doi = {10.3847/1538-3881/aa6ffd},
   adsurl = {http://adsabs.harvard.edu/abs/2017AJ....153..257O},
  adsnote = {Provided by the SAO/NASA Astrophysics Data System}
}

@ARTICLE{2016ApJ...823..102C,
   author = {{Choi}, J. and {Dotter}, A. and {Conroy}, C. and {Cantiello}, M. and
	{Paxton}, B. and {Johnson}, B.~D.},
    title = "{Mesa Isochrones and Stellar Tracks (MIST). I. Solar-scaled Models}",
  journal = {\apj},
archivePrefix = "arXiv",
   eprint = {1604.08592},
 primaryClass = "astro-ph.SR",
 keywords = {stars: evolution, stars: general, stars: interiors},
     year = 2016,
    month = jun,
   volume = 823,
      eid = {102},
    pages = {102},
      doi = {10.3847/0004-637X/823/2/102},
   adsurl = {http://adsabs.harvard.edu/abs/2016ApJ...823..102C},
  adsnote = {Provided by the SAO/NASA Astrophysics Data System}
}
